<?xml version="1.0" encoding="UTF-8"?>
<searchRetrieveResponse xmlns="http://www.loc.gov/zing/srw/"><version>1.1</version><numberOfRecords>1910</numberOfRecords><records><record><recordSchema>MARC21plus-xml</recordSchema><recordPacking>xml</recordPacking><recordData><collection xmlns="http://www.loc.gov/MARC21/slim">
  <record type="Bibliographic">
    <leader>00000nam a2200000 c 4500</leader>
    <controlfield tag="001">1304143236</controlfield>
    <controlfield tag="003">DE-101</controlfield>
    <controlfield tag="005">20240131220234.0</controlfield>
    <controlfield tag="007">tu</controlfield>
    <controlfield tag="008">230927s2021    gw ||||| |||| 00||||ger  </controlfield>
    <datafield tag="015" ind1=" " ind2=" ">
      <subfield code="a">24,A05</subfield>
      <subfield code="2">dnb</subfield>
    </datafield>
    <datafield tag="016" ind1="7" ind2=" ">
      <subfield code="2">DE-101</subfield>
      <subfield code="a">1304143236</subfield>
    </datafield>
    <datafield tag="020" ind1=" " ind2=" ">
      <subfield code="a">9783574292620</subfield>
      <subfield code="c">Broschur</subfield>
      <subfield code="9">978-3-574-29262-0</subfield>
    </datafield>
    <datafield tag="035" ind1=" " ind2=" ">
      <subfield code="a">(DE-599)DNB1304143236</subfield>
    </datafield>
    <datafield tag="035" ind1=" " ind2=" ">
      <subfield code="a">(OCoLC)1419444850</subfield>
    </datafield>
    <datafield tag="040" ind1=" " ind2=" ">
      <subfield code="a">1230</subfield>
      <subfield code="b">ger</subfield>
      <subfield code="c">DE-101</subfield>
      <subfield code="d">9999</subfield>
      <subfield code="e">rda</subfield>
    </datafield>
    <datafield tag="041" ind1=" " ind2=" ">
      <subfield code="a">ger</subfield>
    </datafield>
    <datafield tag="044" ind1=" " ind2=" ">
      <subfield code="c">XA-DE</subfield>
    </datafield>
    <datafield tag="082" ind1="0" ind2="4">
      <subfield code="8">2\u</subfield>
      <subfield code="a">343.4309460263</subfield>
      <subfield code="q">DE-101</subfield>
      <subfield code="2">23/ger</subfield>
    </datafield>
    <datafield tag="083" ind1="7" ind2=" ">
      <subfield code="8">3\p</subfield>
      <subfield code="a">340</subfield>
      <subfield code="a">380</subfield>
      <subfield code="q">DE-101</subfield>
      <subfield code="2">23sdnb</subfield>
    </datafield>
    <datafield tag="085" ind1=" " ind2=" ">
      <subfield code="8">2\u</subfield>
      <subfield code="b">343.0946</subfield>
    </datafield>
    <datafield tag="085" ind1=" " ind2=" ">
      <subfield code="8">2\u</subfield>
      <subfield code="z">2</subfield>
      <subfield code="s">43</subfield>
    </datafield>
    <datafield tag="110" ind1="1" ind2=" ">
      <subfield code="8">1\p</subfield>
      <subfield code="0">(DE-588)4011882-4</subfield>
      <subfield code="0">https://d-nb.info/gnd/4011882-4</subfield>
      <subfield code="0">(DE-101)040118827</subfield>
      <subfield code="a">Deutschland</subfield>
      <subfield code="e">Normerlassende Gebietskörperschaft</subfield>
      <subfield code="4">enj</subfield>
      <subfield code="2">gnd</subfield>
    </datafield>
    <datafield tag="240" ind1="1" ind2="0">
      <subfield code="0">(DE-588)1122489382</subfield>
      <subfield code="0">https://d-nb.info/gnd/1122489382</subfield>
      <subfield code="0">(DE-101)1122489382</subfield>
      <subfield code="a">Straßenverkehrs-Ordnung</subfield>
      <subfield code="f">2013</subfield>
      <subfield code="2">gnd</subfield>
    </datafield>
    <datafield tag="245" ind1="1" ind2="0">
      <subfield code="a">StVO</subfield>
      <subfield code="b">die Straßenverkehrs-Ordnung : mit Auszügen aus der Elektrokleinstfahrzeuge-Verordnung (eKFV), dem Bußgeldkatalog und Kfz-Kennzeichen : Rechtsstand StVO: 12.07.2021, Rechtsstand Bußgeldkatalog: 09.11.2021</subfield>
      <subfield code="c">[Deutschland]</subfield>
    </datafield>
    <datafield tag="250" ind1=" " ind2=" ">
      <subfield code="a">Stand: November 2021</subfield>
    </datafield>
    <datafield tag="259" ind1=" " ind2=" ">
      <subfield code="a">42021</subfield>
    </datafield>
    <datafield tag="264" ind1=" " ind2="1">
      <subfield code="a">München</subfield>
      <subfield code="b">Vogel</subfield>
      <subfield code="c">[2021]</subfield>
    </datafield>
    <datafield tag="300" ind1=" " ind2=" ">
      <subfield code="a">144 Seiten</subfield>
      <subfield code="b">Illustrationen</subfield>
      <subfield code="c">19 cm</subfield>
    </datafield>
    <datafield tag="336" ind1=" " ind2=" ">
      <subfield code="a">Text</subfield>
      <subfield code="b">txt</subfield>
      <subfield code="2">rdacontent</subfield>
    </datafield>
    <datafield tag="337" ind1=" " ind2=" ">
      <subfield code="a">ohne Hilfsmittel zu benutzen</subfield>
      <subfield code="b">n</subfield>
      <subfield code="2">rdamedia</subfield>
    </datafield>
    <datafield tag="338" ind1=" " ind2=" ">
      <subfield code="a">Band</subfield>
      <subfield code="b">nc</subfield>
      <subfield code="2">rdacarrier</subfield>
    </datafield>
    <datafield tag="610" ind1="1" ind2="7">
      <subfield code="0">(DE-588)1122489382</subfield>
      <subfield code="0">https://d-nb.info/gnd/1122489382</subfield>
      <subfield code="0">(DE-101)1122489382</subfield>
      <subfield code="a">Deutschland</subfield>
      <subfield code="t">Straßenverkehrs-Ordnung</subfield>
      <subfield code="f">2013</subfield>
      <subfield code="9">rswk-swf</subfield>
      <subfield code="2">gnd</subfield>
    </datafield>
    <datafield tag="655" ind1=" " ind2="7">
      <subfield code="0">(DE-588)4135952-5</subfield>
      <subfield code="0">https://d-nb.info/gnd/4135952-5</subfield>
      <subfield code="0">(DE-101)041359526</subfield>
      <subfield code="a">Quelle</subfield>
      <subfield code="2">gnd-content</subfield>
    </datafield>
    <datafield tag="689" ind1="0" ind2="0">
      <subfield code="0">(DE-588)1122489382</subfield>
      <subfield code="0">https://d-nb.info/gnd/1122489382</subfield>
      <subfield code="0">(DE-101)1122489382</subfield>
      <subfield code="D">b</subfield>
      <subfield code="a">Deutschland</subfield>
      <subfield code="t">Straßenverkehrs-Ordnung</subfield>
      <subfield code="f">2013</subfield>
    </datafield>
    <datafield tag="689" ind1="0" ind2=" ">
      <subfield code="5">DE-101</subfield>
      <subfield code="5">DE-101</subfield>
    </datafield>
    <datafield tag="850" ind1=" " ind2=" ">
      <subfield code="a">DE-101a</subfield>
      <subfield code="a">DE-101b</subfield>
    </datafield>
    <datafield tag="856" ind1="4" ind2="2">
      <subfield code="m">B:DE-101</subfield>
      <subfield code="q">application/pdf</subfield>
      <subfield code="u">https://d-nb.info/1304143236/04</subfield>
      <subfield code="3">Inhaltsverzeichnis</subfield>
    </datafield>
    <datafield tag="883" ind1="2" ind2=" ">
      <subfield code="8">1\p</subfield>
      <subfield code="a">dnb</subfield>
      <subfield code="d">20240110</subfield>
      <subfield code="q">DE-101</subfield>
      <subfield code="u">https://d-nb.info/provenance/plan#dnb</subfield>
    </datafield>
    <datafield tag="883" ind1="2" ind2=" ">
      <subfield code="8">3\p</subfield>
      <subfield code="a">dnb</subfield>
      <subfield code="d">20240110</subfield>
      <subfield code="q">DE-101</subfield>
      <subfield code="u">https://d-nb.info/provenance/plan#dnb</subfield>
    </datafield>
    <datafield tag="925" ind1="r" ind2=" ">
      <subfield code="a">ra</subfield>
    </datafield>
  </record>

  <record type="Holdings">
    <leader>00000ny  a22000003n 4500</leader>
    <controlfield tag="001">1022528602</controlfield>
    <controlfield tag="003">DE-101</controlfield>
    <controlfield tag="005">20240117125416.0</controlfield>
    <controlfield tag="008">230927||||||||||||||||ger|||||||</controlfield>
    <datafield tag="092" ind1=" " ind2=" ">
      <subfield code="a">950200-2</subfield>
      <subfield code="d">101a</subfield>
      <subfield code="k">SAX</subfield>
      <subfield code="l">a</subfield>
      <subfield code="o">b</subfield>
    </datafield>
    <datafield tag="541" ind1=" " ind2=" ">
      <subfield code="e">L-5001-172775</subfield>
    </datafield>
    <datafield tag="852" ind1=" " ind2="1">
      <subfield code="c">2024 AA 2531</subfield>
      <subfield code="9">00</subfield>
    </datafield>
    <datafield tag="852" ind1=" " ind2=" ">
      <subfield code="a">DE-101a</subfield>
    </datafield>
    <datafield tag="933" ind1=" " ind2=" ">
      <subfield code="a">CC0</subfield>
    </datafield>
  </record>
  <record type="Holdings">
    <leader>00000ny  a22000003n 4500</leader>
    <controlfield tag="001">1022357050</controlfield>
    <controlfield tag="003">DE-101</controlfield>
    <controlfield tag="005">20240207114352.0</controlfield>
    <controlfield tag="008">230927||||||||||||||||ger|||||||</controlfield>
    <datafield tag="092" ind1=" " ind2=" ">
      <subfield code="a">600100-2</subfield>
      <subfield code="d">101b</subfield>
      <subfield code="k">HES</subfield>
      <subfield code="l">a</subfield>
      <subfield code="o">b</subfield>
    </datafield>
    <datafield tag="541" ind1=" " ind2=" ">
      <subfield code="e">F-5001-172775</subfield>
    </datafield>
    <datafield tag="852" ind1=" " ind2="1">
      <subfield code="c">2024 AA 6253</subfield>
      <subfield code="9">00</subfield>
    </datafield>
    <datafield tag="852" ind1=" " ind2=" ">
      <subfield code="a">DE-101b</subfield>
    </datafield>
    <datafield tag="933" ind1=" " ind2=" ">
      <subfield code="a">CC0</subfield>
    </datafield>
  </record>
</collection></recordData><recordPosition>1892</recordPosition></record></records><nextRecordPosition>1893</nextRecordPosition><echoedSearchRetrieveRequest><version>1.1</version><query>WVN=24A05</query><xQuery xmlns:xsi="http://www.w3.org/2001/XMLSchema-instance" xsi:nil="true"/><startRecord>1892</startRecord><maximumRecords>1</maximumRecords><recordSchema>MARC21plus-xml</recordSchema></echoedSearchRetrieveRequest></searchRetrieveResponse>